@Misc{web:delta:overview,
    author = {DeltaThailand},
    title = {Delta Overview},
    note = {accessed: 04.08.2024},
    howpublished = {\url{https://deltathailand.com/en/delta-overview}},
}

@article{mehta2024robust,
  author    = {A. Mehta and A. Modi},
  title     = {Robust Sliding Mode Protocols for Formation of Quadcopter Swarm},
  year      = {2024},
  journal   = {},
}

@inproceedings{ayari2023evolutionary,
  author    = {Ayari, A. and Bouamama, S.},
  title     = {Evolutionary Swarm Robotics: A Methodological Approach For Task and Path Planning},
  booktitle = {2023 IEEE Afro-Mediterranean Conference on Artificial Intelligence (AMCAI)},
  year      = {2023},
  doi       = {10.1109/amcai59331.2023.10431514}
}

@article{bayindir2007review,
  author    = {Bayindir, L. Levent and Şahin, E.},
  title     = {A Review of Studies in Swarm Robotics},
  journal   = {Turkish Journal of Electrical Engineering and Computer Sciences},
  volume    = {15},
  number    = {2},
  pages     = {115-126},
  year      = {2007},
  url       = {https://journals.tubitak.gov.tr/elektrik/vol15/iss2/2}
}

@article{beck2023swarm,
  author    = {Beck, E. and Shin, B. and Wang, S. and Wiedemann, T. and Shutin, D. and Dekorsy, A.},
  title     = {Swarm Exploration and Communications: A First Step towards Mutually-Aware Integration by Probabilistic Learning},
  journal   = {Electronics},
  volume    = {12},
  number    = {8},
  pages     = {1908},
  year      = {2023},
  doi       = {10.3390/electronics12081908}
}

@inproceedings{bonabeau1997adaptive,
  author    = {Bonabeau, E. and Sobkowski, A. and Theraulaz, G. and Deneubourg, J. L.},
  title     = {Adaptive Task Allocation Inspired by a Model of Division of Labour in Social Insects},
  booktitle = {Biocomputing and Emergent Computation: Proceedings of BCEC97},
  pages     = {36--45},
  year      = {1997},
  publisher = {World Scientific},
  address   = {London, UK}
}

@inproceedings{brambilla2012property,
  author    = {Brambilla, M. and Pinciroli, C. and Birattari, M. and Dorigo, M.},
  title     = {Property-driven Design for Swarm Robotics},
  booktitle = {Proceedings of 11th International Conference on Autonomous Agents and Multiagent Systems (AAMAS)},
  pages     = {139--146},
  year      = {2012},
  publisher = {IFAAMAS},
  address   = {Richland}
}

@inbook{cheraghi2021past,
  author    = {Cheraghi, A. R. and Shahzad, S. and Graffi, K.},
  title     = {Past, Present, and Future of Swarm Robotics},
  booktitle = {Lecture Notes in Networks and Systems},
  pages     = {190--233},
  year      = {2021},
  doi       = {10.1007/978-3-030-82199-9_13}
}

@inbook{das2024bio,
  author    = {Das, S.},
  title     = {Bio-Inspired Communication Strategies in Swarm Robotics},
  booktitle = {Advances in Computational Intelligence and Robotics},
  pages     = {77--100},
  year      = {2024},
  doi       = {10.4018/979-8-3693-1277-3.ch006}
}

@article{martinez2023swarm,
  author    = {F. Martinez and A. Rendon},
  title     = {A Swarm-Based Flocking Control Algorithm for Exploration and Coverage of Unknown Environments},
  year      = {2023},
  journal   = {},
}

@article{ghazouali2024fusionvision,
  author    = {Ghazouali, S. E. and Mhirit, Y. and Oukhrid, A. and Michelucci, U. and Nouira, H.},
  title     = {FusionVision: A Comprehensive Approach of 3D Object Reconstruction and Segmentation from RGB-D Cameras Using YOLO and Fast Segment Anything},
  journal   = {Sensors},
  volume    = {24},
  number    = {9},
  pages     = {2889},
  year      = {2024},
  doi       = {10.3390/s24092889}
}

@article{ibrahim2024enhancing,
  author    = {Ibrahim, R. and Alkilabi, M. and Khayeat, A. R. H. and Tuci, E.},
  title     = {Enhancing Robustness of Swarm Robotics Systems in a Perceptual Discrimination Task},
  journal   = {International Journal of Computing and Digital Systems},
  volume    = {15},
  number    = {1},
  pages     = {1213--1222},
  year      = {2024},
  doi       = {10.12785/ijcds/160189}
}

@article{kegeleirs2021swarm,
  author    = {Kegeleirs, M. and Grisetti, G. and Birattari, M.},
  title     = {Swarm SLAM: Challenges and Perspectives},
  journal   = {Frontiers in Robotics and AI},
  volume    = {8},
  year      = {2021},
  doi       = {10.3389/frobt.2021.618268}
}

@article{koifman2024distributed,
  author    = {Koifman, Y. and Barel, A. and Bruckstein, A. M.},
  title     = {Distributed and Decentralized Control and Task Allocation for Flexible Swarms},
  journal   = {arXiv},
  year      = {2024},
  doi       = {10.48550/arxiv.2405.13941}
}

@inproceedings{li2024object,
  author    = {Li, Y. and Su, J. and Liu, L. and Liu, P.},
  title     = {Object Detection Based on the Fusion of Sparse LiDAR Point Cloud and Dense Stereo Pseudo Point Cloud},
  booktitle = {IEEE},
  year      = {2024},
  month     = {January 19-21},
  doi       = {10.1109/NNICE61279.2024.10498214}
}

@article{nedjah2019review,
  author    = {Nedjah, N. and Silva, L. Junior},
  title     = {Review of Methodologies and Tasks in Swarm Robotics towards Standardization},
  journal   = {Swarm and Evolutionary Computation},
  volume    = {50},
  pages     = {100565},
  year      = {2019},
  doi       = {10.1016/j.swevo.2019.100565}
}

@article{nedjah2021communication,
  author    = {Nedjah, N. and Ribeiro, L. M. and De Macedo Mourelle, L.},
  title     = {Communication Optimization for Efficient Dynamic Task Allocation in Swarm Robotics},
  journal   = {Applied Soft Computing},
  volume    = {105},
  pages     = {107297},
  year      = {2021},
  doi       = {10.1016/j.asoc.2021.107297}
}

@article{perera2022integrating,
  author    = {Perera, S. M. and Myers, R. J. and Sullivan, K. and Byassee, K. and Song, H. and Madanayake, A.},
  title     = {Integrating Communication and Sensor Arrays to Model and Navigate Autonomous Unmanned Aerial Systems},
  journal   = {Electronics},
  volume    = {11},
  number    = {19},
  pages     = {3023},
  year      = {2022},
  doi       = {10.3390/electronics11193023}
}

@inproceedings{qian2023frustum,
  author    = {Qian, J. and Lv, Y. and Gao, Y. and Wang, J.},
  title     = {Frustum-LDGCNN: A High Efficient 3D Object Detection Network with Frustum Proposal},
  booktitle = {2023 IEEE International Conference on Automation Science and Engineering (CASE)},
  year      = {2023},
  doi       = {10.1109/case56687.2023.10260350}
}

@inproceedings{sahin_swarm_2005,
    author    = {Erol Şahin},
    title     = {Swarm Robotics: From Sources of Inspiration to Domains of Application},
    booktitle = {Lecture Notes in Computer Science},
    pages     = {10--20},
    year      = {2005},
    doi       = {10.1007/978-3-540-30552-1_2},
    url       = {https://doi.org/10.1007/978-3-540-30552-1_2},
}

@inproceedings{barbadekar2023exploring,
  author    = {A. Barbadekar and S. Raut and R. Gaikwad and T. Gadad and S. Ghulaxe and N. Dhabale},
  title     = {Exploring Enhanced Localization Techniques: LIDAR-SLAM for Mobile Robots},
  booktitle = {2023 Global Conference on Internet of Things and Cyber-Physical Systems (GCITC)},
  year      = {2023},
  doi       = {10.1109/gcitc60406.2023.10426008}
}

@inproceedings{benkis2024survey,
  author    = {R. Beņkis and E. Grabs and T. Chen and A. Ratkuns and D. Čulkovs and A. Ancāns and A. Ipatovs},
  title     = {A Survey and Practical Application of SLAM Algorithms},
  booktitle = {2024 Progress In Electromagnetics Research Symposium (PIERS)},
  pages     = {1--10},
  year      = {2024},
  doi       = {10.1109/piers62282.2024.10618240}
}

@article{bisheng2017progress,
  author    = {Y. Bisheng and L. Fuxun and H. Ronggang},
  title     = {Progress, Challenges, and Perspectives of 3D LIDAR Point Cloud Processing},
  journal   = {DOAJ (Directory of Open Access Journals)},
  year      = {2017},
  doi       = {10.11947/j.agcs.2017.20170351}
}

@article{cadena2016past,
  author    = {C. Cadena and L. Carlone and H. Carrillo and Y. Latif and D. Scaramuzza and J. Neira and I. Reid and J. J. Leonard},
  title     = {Past, Present, and Future of Simultaneous Localization and Mapping: Toward the Robust-Perception Age},
  journal   = {IEEE Transactions on Robotics},
  volume    = {32},
  number    = {6},
  pages     = {1309--1332},
  year      = {2016},
  doi       = {10.1109/tro.2016.2624754}
}

@article{chen2023overview,
  author    = {W. Chen and X. Wang and S. Gao and G. Shang and C. Zhou and Z. Li and C. Xu and K. Hu},
  title     = {Overview of Multi-Robot Collaborative SLAM from the Perspective of Data Fusion},
  journal   = {Machines},
  volume    = {11},
  number    = {6},
  pages     = {653},
  year      = {2023},
  doi       = {10.3390/machines11060653}
}

@article{chong2015sensor,
  author    = {T. Chong and X. Tang and C. Leng and M. Yogeswaran and O. Ng and Y. Chong},
  title     = {Sensor Technologies and Simultaneous Localization and Mapping (SLAM)},
  journal   = {Procedia Computer Science},
  volume    = {76},
  pages     = {174--179},
  year      = {2015},
  doi       = {10.1016/j.procs.2015.12.336}
}

@article{durrant2006simultaneous,
  author    = {H. Durrant-Whyte and T. Bailey},
  title     = {Simultaneous Localization and Mapping: Part I},
  journal   = {IEEE Robotics and Automation Magazine},
  volume    = {13},
  number    = {2},
  pages     = {99--110},
  year      = {2006},
  doi       = {10.1109/mra.2006.1638022}
}

@article{engel2018direct,
  author    = {J. Engel and V. Koltun and D. Cremers},
  title     = {Direct Sparse Odometry},
  journal   = {IEEE Transactions on Pattern Analysis and Machine Intelligence},
  volume    = {40},
  number    = {3},
  pages     = {611--625},
  year      = {2018},
  doi       = {10.1109/tpami.2017.2658577}
}

@article{gu2020review,
  author    = {X. Gu and X. Wang and Y. Guo},
  title     = {A Review of Research on Point Cloud Registration Methods},
  journal   = {IOP Conference Series Materials Science and Engineering},
  volume    = {782},
  number    = {2},
  pages     = {022070},
  year      = {2020},
  doi       = {10.1088/1757-899x/782/2/022070}
}

@article{huang2023event,
  author    = {K. Huang and S. Zhang and J. Zhang and D. Tao},
  title     = {Event-Based Simultaneous Localization and Mapping: A Comprehensive Survey},
  journal   = {arXiv},
  year      = {2023},
  doi       = {10.48550/arxiv.2304.09793}
}

@inproceedings{sahoo2019advancements,
  author    = {Sahoo, A. and Dwivedy, S. K. and Robi, P.},
  title     = {Advancements in the Field of Autonomous Underwater Vehicles},
  booktitle = {Ocean Engineering},
  volume    = {181},
  pages     = {145--160},
  year      = {2019},
  publisher = {Elsevier},
  doi       = {10.1016/j.oceaneng.2019.04.011},
  url       = {https://doi.org/10.1016/j.oceaneng.2019.04.011}
}

@inproceedings{udugama2023evolution,
  author    = {Udugama, B.},
  title     = {Evolution of SLAM: Toward the Robust-Perception of Autonomy},
  year      = {2023},
  booktitle = {arXiv preprint},
  note      = {Available at: \url{https://doi.org/10.48550/arXiv.2302.06365}},
  url       = {https://doi.org/10.48550/arXiv.2302.06365}
}

@inproceedings{langmann2012depth,
  author    = {Langmann, B. and Hartmann, K. and Loffeld, O.},
  title     = {Depth Camera Technology Comparison and Performance Evaluation},
  booktitle = {Proceedings of the International Conference on Computer Vision Theory and Applications (VISAPP)},
  year      = {2012},
  pages     = {438--444},
  publisher = {SciTePress},
  address   = {Barcelona, Spain},
  url       = {https://doi.org/10.5220/0003778304380444}
}

@inproceedings{peng2023depth,
  author    = {Peng, C.},
  title     = {Depth Camera Point Cloud Sharpening},
  booktitle = {Proceedings of the IEEE International Conference on Consumer Electronics (ICCE)},
  year      = {2023},
  pages     = {102--106},
  publisher = {IEEE},
  address   = {Taipei, Taiwan},
  doi       = {10.1109/icce-taiwan58799.2023.10226686}
}

@article{mur2015orb,
  author    = {Mur-Artal, R. and Montiel, J. M. M. and Tardos, J. D.},
  title     = {ORB-SLAM: A Versatile and Accurate Monocular SLAM System},
  journal   = {IEEE Transactions on Robotics},
  volume    = {31},
  number    = {5},
  pages     = {1147--1163},
  year      = {2015},
  doi       = {10.1109/tro.2015.2463671}
}

@inproceedings{zhang2014loam,
  author    = {Zhang, J. and Singh, S.},
  title     = {LOAM: LIDAR Odometry and Mapping in Real-time},
  booktitle = {Proceedings of Robotics: Science and Systems (RSS)},
  year      = {2014},
  url       = {https://doi.org/10.15607/rss.2014.x.007}
}

@article{xu2021fast,
  author    = {Xu, W. and Zhang, F.},
  title     = {FAST-LIO: A Fast, Robust LIDAR-Inertial Odometry Package by Tightly-Coupled Iterated Kalman Filter},
  journal   = {IEEE Robotics and Automation Letters},
  volume    = {6},
  number    = {2},
  pages     = {3317--3324},
  year      = {2021},
  doi       = {10.1109/lra.2021.3064227}
}

@article{turkler2022usage,
  author = {L. Türkler and T. Akkan and L. Ö. Akkan},
  title = {Usage of evolutionary algorithms in swarm robotics and design problems},
  journal = {Sensors},
  year = {2022},
  volume = {22},
  number = {12},
  pages = {4437},
  doi = {10.3390/s22124437}
}

@article{liu2024slideslam,
  author    = {Liu, X. and Lei, J. and Prabhu, A. and Tao, Y. and Spasojevic, I. and Chaudhari, P. and Atanasov, N. and Kumar, V.},
  title     = {SlideSLAM: Sparse, Lightweight, Decentralized Metric-Semantic SLAM for Multi-Robot Navigation},
  journal   = {arXiv},
  year      = {2024},
  url       = {https://doi.org/10.48550/arxiv.2406.17249}
}

@article{yasser2024optimized,
  author = {M. Yasser and O. Shalash and O. Ismail},
  title = {Optimized decentralized swarm communication algorithms for efficient task allocation and power consumption in swarm robotics},
  journal = {Robotics},
  year = {2024},
  volume = {13},
  number = {5},
  pages = {66},
  doi = {10.3390/robotics13050066}
}

@article{sr2023control,
  author = {S. S. R. and S. Mohanty and D. S. Elias},
  title = {Control and Coordination of a SWARM of Unmanned Surface Vehicles using Deep Reinforcement Learning in ROS},
  journal = {arXiv (Cornell University)},
  year = {2023},
  doi = {10.48550/arxiv.2304.08189}
}

@article{wang2024decentralized,
  author = {Z. Wang and J. Li and J. Li and C. Liu},
  title = {A decentralized decision-making algorithm of UAV swarm with information fusion strategy},
  journal = {Expert Systems With Applications},
  year = {2024},
  volume = {237},
  pages = {121444},
  doi = {10.1016/j.eswa.2023.121444}
}

@inproceedings{zhang2021cooperative,
  author = {S. Zhang and E. Staudinger and R. Pohlmann and A. Dammann},
  title = {Cooperative Communication, Localization, Sensing and Control for Autonomous Robotic Networks},
  booktitle = {2021 IEEE International Conference on Autonomous Systems (ICAS)},
  year = {2021},
  doi = {10.1109/icas49788.2021.9551201}
}

@article{lajoie2024swarm,
  author    = {Lajoie, P. and Beltrame, G.},
  title     = {Swarm-SLAM: Sparse Decentralized Collaborative Simultaneous Localization and Mapping Framework for Multi-Robot Systems},
  journal   = {IEEE Robotics and Automation Letters},
  volume    = {9},
  number    = {1},
  pages     = {475--482},
  year      = {2024},
  doi       = {10.1109/lra.2023.3333742}
}

@article{st-onge2023swarm,
  author    = {St-Onge, D. and Le Ny, J. and Beltrame, G.},
  title     = {Swarm-SLAM: Sparse Decentralised Collaborative Simultaneous Localization and Mapping Framework for Multi-Robot Systems},
  journal   = {IEEE Robotics and Automation Letters},
  volume    = {8},
  number    = {3},
  pages     = {1720--1727},
  year      = {2023}
}

@inproceedings{girshick2014rich,
  author    = {Girshick, R. and Donahue, J. and Darrell, T. and Malik, J.},
  title     = {Rich Feature Hierarchies for Accurate Object Detection and Semantic Segmentation},
  booktitle = {2014 IEEE Conference on Computer Vision and Pattern Recognition (CVPR)},
  pages     = {580--587},
  year      = {2014},
  publisher = {IEEE},
  doi       = {10.1109/CVPR.2014.81}
}

@article{chen2023object,
  author    = {Chen, W. and Li, Y. and Tian, Z. and Zhang, F.},
  title     = {2D and 3D Object Detection Algorithms from Images: A Survey},
  journal   = {Array},
  volume    = {19},
  pages     = {100305},
  year      = {2023},
  doi       = {10.1016/j.array.2023.100305}
}

@inproceedings{redmon2016yolo,
  author    = {Redmon, J. and Divvala, S. and Girshick, R. and Farhadi, A.},
  title     = {You Only Look Once: Unified, Real-Time Object Detection},
  booktitle = {Proceedings of the IEEE Conference on Computer Vision and Pattern Recognition (CVPR)},
  pages     = {779--788},
  year      = {2016}
}

@inproceedings{kumar2018multi,
  author    = {Kumar, V. and Michael, N. and How, J. P.},
  title     = {Multi-Robot Coordination in Warehousing},
  booktitle = {Proceedings of the IEEE International Conference on Robotics and Automation (ICRA)},
  pages     = {232--239},
  year      = {2018}
}

@inproceedings{bicchi2000robotic,
  author = {A. Bicchi and V. Kumar},
  title = {Robotic grasping and contact: A review},
  booktitle = {Proceedings of the 2000 IEEE International Conference on Robotics and Automation},
  year = {2000}
}

@article{parker1998alliance,
  author = {L. E. Parker},
  title = {ALLIANCE: An architecture for fault-tolerant multirobot cooperation},
  journal = {IEEE Transactions on Robotics and Automation},
  year = {1998},
  volume = {14},
  number = {2},
  pages = {220-240}
}

@article{redmon2018yolov3,
  author = {J. Redmon and A. Farhadi},
  title = {YOLOv3: An incremental improvement},
  journal = {arXiv preprint arXiv:1804.02767},
  year = {2018}
}

@article{thrun2003probabilistic,
  author = {S. Thrun},
  title = {A probabilistic approach to concurrent mapping and localization for mobile robots},
  journal = {Autonomous Robots},
  year = {2003},
  volume = {5},
  number = {3},
  pages = {253-271}
}

@inproceedings{beni1989swarm,
  author = {G. Beni and J. Wang},
  title = {Swarm intelligence in cellular robotic systems},
  booktitle = {Proceedings of NATO Advanced Workshop on Robots and Biological Systems},
  year = {1989}
}

@inproceedings{karin2023comparative,
  author    = {Karin, B. and Gonzalez, A. and Zhou, X.},
  title     = {A Comparative Analysis of Stereo Camera Systems for Depth Sensing in Robotics},
  booktitle = {Proceedings of the IEEE International Conference on Robotics and Automation (ICRA)},
  pages     = {1234--1241},
  year      = {2023}
}

@article{wang2020radar,
  author    = {Wang, S. and Zhang, L. and Zhang, Z. and Zhang, S.},
  title     = {Radar and Camera Fusion for Robust Object Detection and Tracking},
  journal   = {IEEE Transactions on Intelligent Transportation Systems},
  volume    = {21},
  number    = {5},
  pages     = {2035--2047},
  year      = {2020},
  doi       = {10.1109/TITS.2019.2901681}
}

@article{tychola2022reconstruction,
  author    = {Tychola, K. A. and Tsimperidis, I. and Papakostas, G.},
  title     = {On 3D Reconstruction Using RGB-D Cameras},
  journal   = {Digital},
  volume    = {2},
  number    = {3},
  pages     = {401--423},
  year      = {2022},
  doi       = {10.3390/digital2030022}
}

@inproceedings{ren2018three,
  author = {Z. Ren and E. B. Sudderth},
  title = {3D object detection with latent support surfaces},
  booktitle = {Proceedings of the IEEE/CVF Conference on Computer Vision and Pattern Recognition (CVPR 2018)},
  pages = {104--112},
  year = {2018},
  address = {Salt Lake City, UT, United States},
  publisher = {IEEE Computer Society},
  doi = {10.1109/CVPR.2018.00104}
}

@incollection{liu2016ssd,
  author = {W. Liu and D. Anguelov and D. Erhan and C. Szegedy and S. Reed and C. Y. Fu and A. C. Berg},
  title = {SSD: Single shot multibox detector},
  booktitle = {Computer Vision – ECCV 2016. Lecture Notes in Computer Science},
  editor = {B. Leibe and J. Matas and N. Sebe and M. Welling},
  volume = {9905},
  pages = {21--37},
  year = {2016},
  publisher = {Springer, Cham},
  doi = {10.1007/978-3-319-46448-0_2}
}

@techreport{medathati2016bio,
  author    = {Medathati, N. V. Kartheek and Neumann, Heiko and Masson, Guillaume S. and Kornprobst, Pierre},
  title     = {Bio-Inspired Computer Vision: Towards a Synergistic Approach of Artificial and Biological Vision},
  institution = {Inria Sophia Antipolis},
  year      = {2016},
  number    = {8698},
  pages     = {71},
  note      = {ffhal-01131645v3f}
}

@inproceedings{ren2015faster,
  author = {S. Ren and K. He and R. Girshick and J. Sun},
  title = {Faster R-CNN: Towards real-time object detection with region proposal networks},
  booktitle = {Advances in Neural Information Processing Systems (NIPS)},
  year = {2015},
  doi = {10.48550/arXiv.1506.01497}
}

@inproceedings{girshick2015fast,
  author = {R. Girshick},
  title = {Fast R-CNN},
  booktitle = {2015 IEEE International Conference on Computer Vision},
  pages = {1440--1448},
  year = {2015},
  publisher = {IEEE},
  doi = {10.1109/ICCV.2015.169}
}

@inproceedings{lin2017feature,
  author = {T.-Y. Lin and P. Dollár and R. Girshick and K. He and B. Hariharan and S. Belongie},
  title = {Feature pyramid networks for object detection},
  booktitle = {Proceedings of the IEEE Conference on Computer Vision and Pattern Recognition (CVPR)},
  pages = {936--944},
  year = {2017},
  doi = {10.1109/CVPR.2017.106}
}

@inproceedings{viola2001robust,
  author = {P. Viola and M. Jones},
  title = {Robust real-time face detection},
  booktitle = {Proceedings of the Eighth IEEE International Conference on Computer Vision (ICCV 2001)},
  pages = {747},
  year = {2001},
  address = {Vancouver, BC, Canada},
  publisher = {IEEE Computer Society},
  doi = {10.1109/ICCV.2001.937709}
}

@inproceedings{dalal2005histograms,
  author = {N. Dalal and B. Triggs},
  title = {Histograms of oriented gradients for human detection},
  booktitle = {2005 IEEE Computer Society Conference on Computer Vision and Pattern Recognition (CVPR'05)},
  pages = {886-893, Vol. 1},
  year = {2005},
  address = {San Diego, CA, USA},
  publisher = {IEEE Computer Society},
  doi = {10.1109/CVPR.2005.177}
}

@article{kaliappan2023real,
  author = {V. K. Kaliappan and R. Thangaraj and P. Pandiyan and K. Mohanasundaram and S. Anandamurugan and D. Min},
  title = {Real-time face mask position recognition system using YOLO models for preventing COVID-19 disease spread in public places},
  journal = {International Journal of Adaptive and Autonomous Systems},
  year = {2023},
  volume = {34},
  number = {1},
  pages = {73-82},
  doi = {10.1504/IJAHUC.2023.128499}
}

@article{wang2021recent,
  author = {Y. Wang and C. Wang and P. Long and Y. Gu and W. Li},
  title = {Recent advances in 3D object detection based on RGB-D: A survey},
  journal = {Displays},
  year = {2021},
  volume = {70},
  pages = {102077},
  doi = {10.1016/j.displa.2021.102077}
}

@inproceedings{zhang2020h3dnet,
  author = {Z. Zhang and others},
  title = {H3DNet: 3D object detection using hybrid geometric primitives},
  booktitle = {European Conference on Computer Vision},
  year = {2020},
  publisher = {Springer},
  doi = {10.48550/arXiv.2006.05682}
}

@article{tao2023fpvnet,
  author = {C. Tao and H. Zhang and J. Liu and J. Li},
  title = {F-PVNet: Frustum-level 3-D object detection on point–voxel feature representation for autonomous driving},
  journal = {IEEE Internet of Things Journal},
  year = {2023},
  volume = {10},
  number = {9},
  pages = {8031-8045},
  doi = {10.1109/JIOT.2022.3231369}
}

@article{rodriguez2021comparison,
  author = {J. Rodriguez},
  title = {A comparison of an RGB-D camera's performance and a stereo camera in relation to object recognition and spatial position determination},
  journal = {ELCVIA Electronic Letters on Computer Vision and Image Analysis},
  year = {2021},
  volume = {20},
  number = {1},
  pages = {16},
  doi = {10.5565/rev/elcvia.1238}
}

@inproceedings{paigwar2021frustum,
  author = {A. Paigwar and D. Sierra-Gonzalez and Ö. Erkent and C. Laugier},
  title = {Frustum-PointPillars: A multi-stage approach for 3D object detection using RGB camera and LiDAR},
  booktitle = {Proceedings of the 2021 IEEE/CVF International Conference on Computer Vision Workshops (ICCVW)},
  pages = {2926-2933},
  year = {2021},
  publisher = {IEEE},
  doi = {10.1109/ICCVW54120.2021.00327}
}

@article{zhou2023review,
  author = {X. Zhou and G. Lin},
  title = {Review of target detection algorithms},
  journal = {Frontiers in Computing and Intelligent Systems},
  year = {2023},
  volume = {4},
  number = {3},
  pages = {17-19},
  doi = {10.54097/fcis.v4i3.10736}
}

@inproceedings{arican2017object,
  author = {E. Arican and T. Aydin},
  title = {Object detection with RGB-D data using depth oriented gradients},
  booktitle = {Proceedings of the International Conference on Engineering and Natural Sciences (ICENS)},
  year = {2017},
  address = {Hungary - Budapest}
}

@article{karbouj2024comparative,
  author = {B. Karbouj},
  title = {Comparative performance evaluation of one-stage and two-stage object detectors for screw head detection and classification in disassembly processes},
  journal = {Procedia CIRP},
  volume = {122},
  year = {2024},
  doi = {10.1016/j.procir.2024.01.077},
  note = {Conference: 31st CIRP Conference on Life Cycle Engineering (LCE 2024), Turin. License: CC BY-NC-ND 4.0. Lab: Bsher Karbouj's Lab}
}

@inproceedings{eppenberger2020leveraging,
  author = {T. Eppenberger and G. Cesari and M. Dymczyk and R. Dube},
  title = {Leveraging stereo-camera data for real-time dynamic obstacle detection and tracking},
  booktitle = {Proceedings of the 2020 IEEE/RSJ International Conference on Intelligent Robots and Systems (IROS)},
  year = {2020},
  doi = {10.1109/IROS45743.2020.9340699}
}

@inproceedings{kaliappan2023performance,
  author = {V. K. Kaliappan and M. S. Shanmugasundaram and L. Ravikumar and G. B. Hiremath},
  title = {Performance analysis of YOLOv8, RCNN, and SSD object detection models for precision poultry farming management},
  booktitle = {2023 IEEE 3rd International Conference on Applied Electromagnetics, Signal Processing, & Communication (AESPC)},
  pages = {1--6},
  year = {2023},
  address = {Bhubaneswar, India},
  publisher = {IEEE},
  doi = {10.1109/AESPC59761.2023.10389906}
}
