@article{placeholder,
  author    = {J. Doe},
  title     = {Placeholder},
  year      = {2024},
  journal   = {Placeholder},
}