@article{phunopas2018motion,
  author    = {A. Phunopas and S. Inoue},
  title     = {Motion improvement of Four-Wheeled omnidirectional mobile robots for indoor terrain},
  year      = {2018},
  journal   = {Journal of Robotics Networking and Artificial Life},
}



